@article{binnig1982surface,
  title={Surface studies by scanning tunneling microscopy},
  author={Binnig, Gerd and Rohrer, Heinrich and Gerber, Ch and Weibel, E},
  journal={Physical review letters},
  volume={49},
  number={1},
  pages={57},
  year={1982},
  publisher={APS}
}

@article{tersoff19931,
  title={1. Theory of Scanning Tunneling Microscopy},
  author={Tersoff, J and Lang, ND},
  journal={Methods in Experimental Physics},
  volume={27},
  pages={1--29},
  year={1993},
  publisher={Academic Press Inc.}
}